%
%  An example of a bibliographical database in BibTeX format,
%  which is used by biblatex to create the list of referenced works.
%
%  Academic search engines and software for maintenance of bibliography
%  often supports exporting records in BibTeX format. We recommend:
%
%    - Google Scholar (https://scholar.google.com/)
%    - JabRef (https://www.jabref.org/)
%    - zoterobib (https://zbib.org/)
%
%  BEWARE:
%
%    *  If a name contains a capital letter, which must be kept such,
%       use curly brackets ({T}hailand, {HIV}).
%
%  ===========================================================================


@misc{microsoftWWI,
    author = {{Microsoft Corporation}},
    title = {{W}ide {W}orld {I}mporters - {S}ample database for {S}{Q}{L} - {S}{Q}{L} {S}erver --- learn.microsoft.com},
    howpublished = {\url{https://learn.microsoft.com/en-us/sql/samples/wide-world-importers-what-is?view=sql-server-ver16}},
    note = {MIT License. See at \url{https://github.com/Microsoft/sql-server-samples/blob/master/license.txt}},
}

@misc{mssqljson,
    author = {{Microsoft Corporation}},
    title = {{W}ork with {J}{S}{O}{N} data in {S}{Q}{L} {S}erver - {S}{Q}{L} {S}erver --- learn.microsoft.com},
    howpublished = {\url{https://learn.microsoft.com/en-us/sql/relational-databases/json/json-data-sql-server?view=sql-server-ver16}},
    note = {Accessed 04-01-2025},
}

@misc{Fowler2003POJO,
  author = {Martin Fowler},
  title = {{POJO}},
  year = {2003},
  howpublished = {\url{https://martinfowler.com/bliki/POJO.html}},
  note = {Accessed: 25-02-2025}
}

@misc{FowlerDDD,
  author = {Martin Fowler},
  title = {{Domen Driven Design}},
  year = {2020},
  howpublished = {\url{https://martinfowler.com/bliki/DomainDrivenDesign.html}},
  note = {Accessed: 25-02-2025}
}

@misc{BenchmarkDotNet,
  author       = {.NET Foundation and contributors},
  title        = {BenchmarkDotNet: Powerful .NET Library for Benchmarking},
  howpublished = {\url{https://benchmarkdotnet.org/}},
  note         = {Accessed: 06-03-2025}
}

@misc{BenchmarkDotNetHow,
  author       = {.NET Foundation and contributors},
  title        = {BenchmarkDotNet: How it works},
  howpublished = {\url{https://benchmarkdotnet.org/articles/guides/how-it-works.html}},
  note         = {Accessed: 06-03-2025}
}

